<record><leader>00000cas a2200000 a 4500</leader><controlfield tag="001">12356253</controlfield><controlfield tag="008">850807d18951896ksucr ne      0    0eng d</controlfield><datafield ind1=" " ind2=" " tag="010"><subfield code="a">sn 85031715 </subfield></datafield><datafield ind1=" " ind2=" " tag="040"><subfield code="a">KSH</subfield><subfield code="b">eng</subfield><subfield code="c">KSH</subfield><subfield code="d">NPT</subfield><subfield code="d">OCL</subfield><subfield code="d">OCLCQ</subfield></datafield><datafield ind1=" " ind2=" " tag="042"><subfield code="a">msc</subfield></datafield><datafield ind1="0" ind2="4" tag="245"><subfield code="a">The Semi-weekly St. Mary's eagle.</subfield></datafield><datafield ind1="3" ind2="0" tag="246"><subfield code="a">Semi-weekly Saint Mary's eagle</subfield></datafield><datafield ind1=" " ind2=" " tag="260"><subfield code="a">St. Marys, Kan. :</subfield><subfield code="b">M.M. Lee,</subfield><subfield code="c">1895-1896.</subfield></datafield><datafield ind1=" " ind2=" " tag="300"><subfield code="a">1 v. :</subfield><subfield code="b">ill. (chiefly advertisements) ;</subfield><subfield code="c">49 cm.</subfield></datafield><datafield ind1=" " ind2=" " tag="310"><subfield code="a">Semiweekly</subfield></datafield><datafield ind1="0" ind2=" " tag="362"><subfield code="a">Vol. 3, no. 110 (July 18, 1895)-v. 4, no. 239 (Nov. 6, 1896).</subfield></datafield><datafield ind1=" " ind2=" " tag="500"><subfield code="a">Special historical edition, July 31, 1896.</subfield></datafield><datafield ind1=" " ind2=" " tag="752"><subfield code="a">United States</subfield><subfield code="b">Kansas</subfield><subfield code="c">Pottawatomie</subfield><subfield code="d">St. Marys.</subfield></datafield><datafield ind1="0" ind2="0" tag="780"><subfield code="t">St. Mary's eagle (St. Marys, Kan. : 1895)</subfield><subfield code="w">(DLC)sn 85031714</subfield></datafield><datafield ind1="0" ind2="0" tag="785"><subfield code="t">St. Mary's eagle (St. Marys, Kan. : 1896)</subfield><subfield code="w">(DLC)sn 85031716</subfield></datafield></record>